<?xml version="1.0" encoding="UTF-8"?><collection xmlns="http://www.loc.gov/MARC21/slim"><record><leader>00526nam--2200121-i-4500</leader><controlfield tag="001">000019343</controlfield><controlfield tag="002">20161230</controlfield><controlfield tag="005">20161230201033</controlfield><controlfield tag="008">060222s1000------------r-----000-0-eng-d</controlfield><datafield ind1=" " ind2=" " tag="080"><subfield code="a">016:539.1:61</subfield></datafield><datafield ind1=" " ind2=" " tag="245"><subfield code="a">Fonds national de la recherche scientifique. institute interuniversitaire des sciences nucleaires.liste bibliographique des travaux publies par les chercheurs ayant beneficie en 1968 ou une des annees ulterieurs d`un subside du fonds national de la rec</subfield></datafield><datafield ind1=" " ind2=" " tag="260"><subfield code="a">Bruxelles, Clarence Denis, 1970.  286 P</subfield></datafield><datafield ind1=" " ind2=" " tag="852"><subfield code="a">D.1279</subfield></datafield></record></collection>